@book{orbital-motion-roy,
  author    =   "Roy, A.E.",
  title     =   "Orbital Motion",
  pages     =   "108",
  year      =   "2004",
  publisher =   "CRC Press",
  address   =   "University of Glasgow",
  isbn      =   "9780750310154"
}

@misc{barometric-formula-isotermal,
    title = "Derivation of the barometric formula (isothermal atmosphere)",
    howpublished = "https://www.tec-science.com/mechanics/gases-and-liquids/barometric-formula-for-an-isothermal-atmosphere/" 
}

@misc{barometric-formula-adiabatic,
    title = "Derivation of the barometric formula (adiabatic atmosphere)",
    howpublished = "https://www.tec-science.com/mechanics/gases-and-liquids/barometric-formula-for-an-adiabatic-atmosphere/" 
}

@article{virial-theorem, 
    place={Oslo}, 
    title={5 The virial theorem}, 
    journal={AST1100 Lecture Notes}, 
    publisher={Institute of Theoretical Astrophysics}, 
    author={Hansen, Frode Kristian},
    year={2014}, 
    month={Sep}
}
